
@online{mischianti_esp32_2023,
	title = {{ESP}32 {WeMos} {LOLIN} D32 high resolution pinout and specs},
	url = {https://www.mischianti.org/2023/02/01/esp32-wemos-lolin-d32-high-resolution-pinout-and-specs/},
	abstract = {{ESP}32 {WeMos} {LOLIN} D32 high resolution pinout and specs},
	titleaddon = {Renzo Mischianti},
	author = {Mischianti, Renzo},
	urldate = {2023-04-13},
	date = {2023-02-01},
	langid = {american},
	note = {Section: {WeMos} {LOLIN} D32},
	file = {Snapshot:/home/miroslav/Zotero/storage/SLUFPB2Z/esp32-wemos-lolin-d32-high-resolution-pinout-and-specs.html:text/html},
}

@online{noauthor_esp-idf_nodate,
	title = {{ESP}-{IDF} Programming Guide},
	url = {https://docs.espressif.com/projects/esp-idf/en/latest/esp32/index.html},
	urldate = {2023-04-13},
	file = {ESP-IDF Programming Guide - ESP32 - — ESP-IDF Programming Guide latest documentation:/home/miroslav/Zotero/storage/EKNEWC5Y/index.html:text/html},
}

@online{noauthor_hc-05_nodate,
	title = {{HC}-05 - Bluetooth Module},
	url = {https://components101.com/wireless/hc-05-bluetooth-module},
	abstract = {{HC}-05 - Bluetooth Module},
	titleaddon = {Components101},
	urldate = {2023-04-13},
	langid = {english},
	file = {Snapshot:/home/miroslav/Zotero/storage/6YBZL8XP/hc-05-bluetooth-module.html:text/html},
}

@misc{noauthor_esp32-wroom-32_2023,
	title = {{ESP}32­-{WROOM}­-32 Datasheet},
	url = {https://www.espressif.com/sites/default/files/documentation/esp32-wroom-32_datasheet_en.pdf},
	publisher = {Espressif Systems},
	date = {2023},
	file = {esp32-wroom-32_datasheet_en.pdf:/home/miroslav/Zotero/storage/WIT72YLL/esp32-wroom-32_datasheet_en.pdf:application/pdf},
}

@online{helland_how_2012,
	title = {How to Convert Temperature (K) to {RGB}: Algorithm and Sample Code},
	url = {https://tannerhelland.com/2012/09/18/convert-temperature-rgb-algorithm-code.html},
	shorttitle = {How to Convert Temperature (K) to {RGB}},
	abstract = {While working on a “Color Temperature” tool for {PhotoDemon}, I spent an evening trying to track down a simple, straightforward algorithm for converting between temperature (in Kelvin) and {RGB} values. This seemed like an easy algorithm to find, since many photo editors provide tools for correcting an image’s color temperature in post-production, and every modern camera - including smartphones - provides a way to adjust white balance based on the lighting conditions of a shot. Who knew that no one on the Internet had ever devised such a thing?},
	titleaddon = {tannerhelland.com},
	author = {Helland, Tanner},
	urldate = {2023-04-13},
	date = {2012-09-18},
	langid = {english},
	file = {Snapshot:/home/miroslav/Zotero/storage/NISDCPX9/convert-temperature-rgb-algorithm-code.html:text/html},
}

@online{123ledsk_rgb_nodate,
	title = {{RGB} {LED} pásik 14,4W/m 12V bez krytia {IP}20},
	url = {https://www.123led.sk/rgb-led-pasik-14-4w-m-bez-krytia/},
	abstract = {Kvalitní {RGB} {LED} pásek 14,4W/m bez krytí se vyznačuje dlouhou životností.},
	titleaddon = {123led.sk},
	author = {123led.sk},
	urldate = {2023-04-13},
	langid = {slovak},
	file = {Snapshot:/home/miroslav/Zotero/storage/RP4JNECQ/rgb-led-pasik-14-4w-m-bez-krytia.html:text/html},
}

@online{olimex_pir-sb312_nodate,
	title = {{PIR}-{SB}312},
	url = {https://www.olimex.com/Products/Components/Sensors/PIR-SB312/},
	abstract = {Digital {PIR} sensor for breadboard},
	titleaddon = {Olimex},
	author = {Olimex},
	urldate = {2023-04-13},
	langid = {english},
	file = {Snapshot:/home/miroslav/Zotero/storage/B3TRRMPH/PIR-SB312.html:text/html},
}

@online{noauthor_tsl25911_nodate,
	title = {{TSL}25911 Light Sensor - Waveshare Wiki},
	url = {https://www.waveshare.com/wiki/TSL25911_Light_Sensor},
	urldate = {2023-04-13},
	langid = {english},
	file = {Snapshot:/home/miroslav/Zotero/storage/8PESI98C/TSL25911_Light_Sensor.html:text/html},
}

@misc{noauthor_l78_2018,
	title = {L78 - Positive voltage regulator {ICs} - {DS}0422 - Rev 36},
	url = {https://www.st.com/en/power-management/l78.html},
	publisher = {{STMicroelectronics}},
	date = {2018-09},
	file = {dsh.330-149.1.pdf:/home/miroslav/Zotero/storage/CNSQCBQW/dsh.330-149.1.pdf:application/pdf},
}

@misc{noauthor_bd711_nodate,
	title = {{BD}711 / {BD}712 - Complementary Silicon Power Ttransistors},
	publisher = {{ARK} Component},
	file = {dsh.211-048.1.pdf:/home/miroslav/Zotero/storage/TXJPDHMW/dsh.211-048.1.pdf:application/pdf},
}

@online{123ledsk_ako_nodate,
	title = {Ako vybrať {LED} pásik},
	url = {https://www.123led.sk/ako-vybrat-led-pasik/},
	abstract = {Vyberte ten správny {LED} pásik podľa nášho návodu. Dôležitá je svietivosť, použitie v interiéri alebo exteriéri, napätie 230V alebo 12V. Farbu ... Je to len na Vás.},
	titleaddon = {123led.sk},
	author = {123led.sk},
	urldate = {2023-04-13},
	langid = {slovak},
	file = {Snapshot:/home/miroslav/Zotero/storage/LWY6G2U2/ako-vybrat-led-pasik.html:text/html},
}
